<?xml version="1.0" encoding="UTF-8"?>
<SOAP-ENV:Envelope xmlns:SOAP-ENV="http://schemas.xmlsoap.org/soap/envelope/" xmlns:mx="http://www.loc.gov/MARC21/slim" xmlns:of="http://oss.dbc.dk/ns/openformat"><SOAP-ENV:Body><of:formatResponse><marc21><mx:record format="MARC21" type="Bibliographic"><mx:leader>00000njm a22000000c 4500</mx:leader><mx:controlfield tag="007">sd||||||||||||</mx:controlfield><mx:controlfield tag="008">120210s2012    dk ||||          | |eng|d</mx:controlfield><mx:datafield ind1="8" ind2=" " tag="024"><mx:subfield code="a">5099995586526</mx:subfield></mx:datafield><mx:datafield ind1="0" ind2="0" tag="028"><mx:subfield code="a">EMI 9558652</mx:subfield><mx:subfield code="b">We:Made, EMI</mx:subfield></mx:datafield><mx:datafield ind1="1" ind2=" " tag="029"><mx:subfield code="a">DKDLA</mx:subfield><mx:subfield code="b">870970-basis:29213836</mx:subfield></mx:datafield><mx:datafield ind1=" " ind2=" " tag="040"><mx:subfield code="a">DKDLA</mx:subfield><mx:subfield code="b">dan</mx:subfield><mx:subfield code="c">DKDLA</mx:subfield></mx:datafield><mx:datafield ind1=" " ind2=" " tag="049"><mx:subfield code="a">DK-190101</mx:subfield></mx:datafield><mx:datafield ind1=" " ind2=" " tag="084"><mx:subfield code="a">78.794-5</mx:subfield><mx:subfield code="2">z</mx:subfield></mx:datafield><mx:datafield ind1="1" ind2=" " tag="100"><mx:subfield code="a">Sonne, Laust</mx:subfield></mx:datafield><mx:datafield ind1="1" ind2="0" tag="245"><mx:subfield code="a">Laust Sonne</mx:subfield><mx:subfield code="h">[lydoptagelse] /</mx:subfield><mx:subfield code="c">vocals by Laust Sonne ; Laust Sonne with Kristoffer Sonne ... [et al.] ; produced by Kristoffer Sonne, Laust Sonne, Nikolaj Torp, Dyre Gormsen ... [et al.]</mx:subfield></mx:datafield><mx:datafield ind1=" " ind2=" " tag="250"><mx:subfield code="a">[2012 version]</mx:subfield></mx:datafield><mx:datafield ind1=" " ind2=" " tag="260"><mx:subfield code="b">EMI Music Denmark,</mx:subfield><mx:subfield code="c">p 2012</mx:subfield></mx:datafield><mx:datafield ind1=" " ind2=" " tag="300"><mx:subfield code="a">1 cd +</mx:subfield><mx:subfield code="e">1 bilag</mx:subfield></mx:datafield><mx:datafield ind1=" " ind2=" " tag="500"><mx:subfield code="a">Plademærke: We:Made. Plademærke: EMI. Forlagsnummer: EMI 9558652</mx:subfield></mx:datafield><mx:datafield ind1="0" ind2=" " tag="510"><mx:subfield code="a">Indekseres i: MySpace</mx:subfield><mx:subfield code="u">http://www.myspace.com/laustsonne</mx:subfield></mx:datafield><mx:datafield ind1="1" ind2=" " tag="700"><mx:subfield code="a">Brꜳger, Rune</mx:subfield></mx:datafield><mx:datafield ind1="1" ind2=" " tag="700"><mx:subfield code="a">Juel, Nikolaj</mx:subfield></mx:datafield><mx:datafield ind1="1" ind2=" " tag="700"><mx:subfield code="a">Molbech, Nicolai</mx:subfield></mx:datafield><mx:datafield ind1="1" ind2=" " tag="700"><mx:subfield code="a">Sonne, Kristoffer</mx:subfield></mx:datafield><mx:datafield ind1="1" ind2=" " tag="700"><mx:subfield code="a">Torp Larsen, Nikolaj</mx:subfield></mx:datafield><mx:datafield ind1="1" ind2=" " tag="700"><mx:subfield code="a">Winther-John, Marcus</mx:subfield></mx:datafield><mx:datafield ind1="0" ind2="2" tag="740"><mx:subfield code="a">Lost my heart / written and composed by Kristoffer Sonne &amp; Laust Sonne ; keyboards by Nikolaj Torp &amp; Laust Sonne ; voice by N. Molbech ; add. whoas by K. Sonne ; claps by N. Molbech &amp; Laust ; drum programming by Kristoffer Sonne</mx:subfield></mx:datafield><mx:datafield ind1="0" ind2="2" tag="740"><mx:subfield code="a">Disco heart / written and composed by Laust Sonne ; instruments played by Laust</mx:subfield></mx:datafield><mx:datafield ind1="0" ind2="2" tag="740"><mx:subfield code="a">Vertigo / written and composed by Kristoffer Sonne &amp; Laust Sonne ; keyboards by Nikolaj Torp ; add. whoas by Kristoffer Sonne ; drum programming by Kristoffer Sonne &amp; Laust Sonne</mx:subfield></mx:datafield><mx:datafield ind1="0" ind2="2" tag="740"><mx:subfield code="a">Taking it back / written and composed by Laust Sonne ; instruments played by Laust</mx:subfield></mx:datafield><mx:datafield ind1="0" ind2="2" tag="740"><mx:subfield code="a">Can you keep a secret / written and composed by Laust Sonne, Rune Brꜳger &amp; Marcus Winther-John</mx:subfield></mx:datafield><mx:datafield ind1="0" ind2="2" tag="740"><mx:subfield code="a">Spell on you / written and composed by Laust Sonne ; instruments played by Laust</mx:subfield></mx:datafield><mx:datafield ind1="0" ind2="2" tag="740"><mx:subfield code="a">What about us / written and composed by Kristoffer Sonne, Nikolaj Juel &amp; Laust Sonne ; keyboards by Nikolaj Torp &amp; Laust Sonne ; drum programming by Kristoffer Sonne &amp; Laust Sonne ; acoustic guitar by Nikolaj Juel</mx:subfield></mx:datafield><mx:datafield ind1="0" ind2="2" tag="740"><mx:subfield code="a">Call me up / written and composed by Laust Sonne ; instruments played by Laust ; breath by N. Molbech</mx:subfield></mx:datafield><mx:datafield ind1="0" ind2="2" tag="740"><mx:subfield code="a">Walk out the door / written and composed by Laust Sonne ; instruments played by Laust</mx:subfield></mx:datafield><mx:datafield ind1="0" ind2="2" tag="740"><mx:subfield code="a">How can I / written and composed by Laust Sonne ; instruments played by Laust</mx:subfield></mx:datafield><mx:datafield ind1="0" ind2="2" tag="740"><mx:subfield code="a">Chills / written and composed by Laust Sonne ; instruments played by Laust</mx:subfield></mx:datafield><mx:datafield ind1="0" ind2="2" tag="740"><mx:subfield code="a">Like a chemical / written and composed by Kristoffer Sonne &amp; Laust Sonne ; keyboards by Nikolaj Torp &amp; Laust Sonne ; drum programming by Kristoffer Sonne &amp; Laust Sonne</mx:subfield></mx:datafield><mx:datafield ind1="0" ind2="2" tag="740"><mx:subfield code="a">Body talk / written and composed by Laust Sonne &amp; Galgani ; programmed by Galgani ; instruments played by Galgani &amp; Laust ; add. vocals by Galgani</mx:subfield></mx:datafield><mx:datafield ind1=" " ind2=" " tag="901"><mx:subfield code="a">781</mx:subfield></mx:datafield></mx:record><hs activity="insert">DKDLA</hs></marc21></of:formatResponse></SOAP-ENV:Body></SOAP-ENV:Envelope>
